@book{Grigorik_2013, 
	author = "Ilya Grigorik", 
	title = "High-Performance Browser Networking",
	publisher = "O'Reilly Media, Inc., 1005 Gravenstein Highway North, Sebastopol, CA 95472",
	year = 2013, 
	month = "Sep",
}

@book{Killelea_2002,
	author = "Patrick Killelea",
	title = "Web Performance Tuning",
	publisher = "O'Reilly Media, Inc., 1005 Gravenstein Highway North, Sebastopol, CA 95472",
	year = 2002,
	month = "Mar",
	volume = 2,
}

@misc{Chang_2008,
	author = "Patrick Chang",
	title = "Fundamentals of HTTP",
}

@misc{NewRelic_Load,
	url = "https://docs.newrelic.com/docs/browser/new-relic-browser/page-load-timing-resources/page-load-timing-process",
	author = "New Relic",
}

@misc{GoogleDev,
	url = "https://developers.google.com/web/fundamentals/performance/?hl=en",
	author = "Ilya Grigorik",
}

@inproceedings{menasce2000scaling,
  title={Scaling for e-business},
  author={Menasce, Daniel and others},
  booktitle={Modeling, Analysis and Simulation of Computer and Telecommunication Systems, 2000. Proceedings. 8th International Symposium on},
  pages={511-513},
  year={2000},
  organization={IEEE}
}

